<?xml version="1.0" encoding="UTF-8"?>
<?xml-stylesheet type="text/xsl" href="https://www.revistas.usp.br/lib/pkp/xml/oai2.xsl" ?>
<OAI-PMH xmlns="http://www.openarchives.org/OAI/2.0/" xmlns:xsi="http://www.w3.org/2001/XMLSchema-instance" xsi:schemaLocation="http://www.openarchives.org/OAI/2.0/ http://www.openarchives.org/OAI/2.0/OAI-PMH.xsd">
<responseDate>2023-08-07T14:49:58Z</responseDate>
<request verb="ListRecords" metadataPrefix="marcxml" set="actafisiatrica">https://www.revistas.usp.br/actafisiatrica/oai</request>
<ListRecords>
<record>
<header>
<identifier>oai:revistas.usp.br:article/102456</identifier>
<datestamp>2020-08-03T21:16:42Z</datestamp>
<setSpec>actafisiatrica:Art.+Esp.</setSpec>
<setSpec>driver</setSpec>
</header>
<metadata>
<record xmlns="http://www.loc.gov/MARC21/slim" xmlns:xsi="http://www.w3.org/2001/XMLSchema-instance" xsi:schemaLocation="http://www.loc.gov/MARC21/slim http://www.loc.gov/standards/marcxml/schema/MARC21slim.xsd">
<leader>     nmb a2200000Iu 4500</leader>
<controlfield tag="008">"031209 2003                        eng  "</controlfield>
<datafield tag="022" ind1="#" ind2="#">
<subfield code="$a">2317-0190</subfield>
</datafield>
<datafield tag="022" ind1="#" ind2="#">
<subfield code="$a">0104-7795</subfield>
</datafield>
<datafield tag="042" ind1=" " ind2=" ">
<subfield code="a">dc</subfield>
</datafield>
<datafield tag="245" ind1="0" ind2="0">
<subfield code="a">O envelhecimento</subfield>
</datafield>  <datafield tag="100" ind1="1" ind2=" ">
<subfield code="a">Timo-Iaria, Cesar</subfield>
<subfield code="u">Universidade de São Paulo. Faculdade de Medicina</subfield></datafield>
<datafield tag="520" ind1=" " ind2=" ">
<subfield code="a"> O crescimento da população idosa vem se tornando uma preocupação. Atualmente essa população consegue trabalhar até uma idade avançada, ocupando empregos que poderiam ser de jovens que buscam entrar no mercado de trabalho, em países onde a previdência social é atribuição governamental, os gastos com aposentadoria estão se tornando cada vez mais onerosos para os orçamentos nacionais. O envelhecimento ou senescência, configura-se como um processo múltiplo e desigual de comprometimento das funções que caracterizam o organismo vivo. Cada ser vivo dura o suficiente para se reproduzir e ser substituído pela geração subsequente, o que explica que exista uma expectativa de vida média mais ou menos constante em cada espécie biológica. Tudo indica que a ocorrência da senescência resulta de processos presentes no núcleo celular, ligados à produção de certas proteínas como a terminina. Pesquisas mais recentes apontam também para a relevância da liberação e inativação insuficiente de radicais livres no desencadeamento e progresso da senescência. Sabe-se que na Grécia antiga a duração média de vida atingiu valores que nos outros locais só se encontrariam no século XX. A longevidade dos gregos antigos ainda é um mistério, o mais provável é que se tratasse de uma característica genética que se diluiu progressivamente pelas conquistas militares gragas. A longevidade atual deriva sem dúvida nenhuma da conquista da medicina e da educação que possibilitam que o progresso médico se estenda a fração apreciável de suas populações. </subfield>
</datafield>
<datafield tag="260" ind1=" " ind2=" ">
<subfield code="b">Faculdade de Medicina, Universidade de São Paulo</subfield>
</datafield>
<dataField tag="260" ind1=" " ind2=" ">
<subfield code="c">2003-12-09 00:00:00</subfield>
</dataField>   <datafield tag="856" ind1=" " ind2=" ">
<subfield code="q">application/pdf</subfield>
</datafield>
<datafield tag="856" ind1="4" ind2="0">
<subfield code="u">https://www.revistas.usp.br/actafisiatrica/article/view/102456</subfield>
</datafield>  <datafield tag="786" ind1="0" ind2=" ">
<subfield code="n">Acta Fisiátrica; v. 10 n. 3 (2003)</subfield>
</datafield>  <datafield tag="546" ind1=" " ind2=" ">
<subfield code="a">por</subfield>
</datafield>   <datafield tag="540" ind1=" " ind2=" ">
<subfield code="a">Copyright (c) 2003 Acta Fisiátrica</subfield>
</datafield>
</record>
</metadata>
</record>