
<record>
<header>
<identifier>oai:revistas.usp.br:article/102458</identifier>
<datestamp>2020-08-03T21:16:46Z</datestamp>
<setSpec>actafisiatrica:Art.+Esp.</setSpec>
<setSpec>driver</setSpec>
</header>
<metadata>
<record xmlns="http://www.loc.gov/MARC21/slim" xmlns:xsi="http://www.w3.org/2001/XMLSchema-instance" xsi:schemaLocation="http://www.loc.gov/MARC21/slim http://www.loc.gov/standards/marcxml/schema/MARC21slim.xsd">
<leader>     nmb a2200000Iu 4500</leader>
<controlfield tag="008">"031209 2003                        eng  "</controlfield>
<datafield tag="022" ind1="#" ind2="#">
<subfield code="$a">2317-0190</subfield>
</datafield>
<datafield tag="022" ind1="#" ind2="#">
<subfield code="$a">0104-7795</subfield>
</datafield>
<datafield tag="042" ind1=" " ind2=" ">
<subfield code="a">dc</subfield>
</datafield>
<datafield tag="245" ind1="0" ind2="0">
<subfield code="a">Fisiologia do sistema nervoso neurovegetativo</subfield>
</datafield>  <datafield tag="100" ind1="1" ind2=" ">
<subfield code="a">Ribeiro Sobrinho, José Brenha</subfield>
<subfield code="u">Universidade de São Paulo. Faculdade de Medicina</subfield></datafield>
<datafield tag="520" ind1=" " ind2=" ">
<subfield code="a"> Uma análise das conexões anatômicas e funcionais do sistema neurovegetativo, permite o entendimento de suas relações com os núcleos hipotalamicos e com o sistema imunitário. No presente artigo está descrito o centro neurovegetativo no córtex cerebral com as reações características deste nível - reações neurovegetativas de reforço, de acompanhamento e psíquica. Apresenta-se as áreas diencefálicas, com as conexoões talâmicas, descrevendo as influências provenientes de formação reticular. As vias e centros neurovegetativos do tronco cerebral, são estudadas a partir dos centros ortossimpático e centros parassimpáticos, relacionando-os com as vias neurovegetativas da medula. A última parte é dedicada a uma conceituação sobre o sistema neurovegetativo periférico e sua expressão clínica dentro do entendimento dos fenômenos motores e sensitivos do controle medular. O trabalho é finalizado lembrando a conexão do sistema neurovegetativo com o sistema imunitário. </subfield>
</datafield>
<datafield tag="260" ind1=" " ind2=" ">
<subfield code="b">Faculdade de Medicina, Universidade de São Paulo</subfield>
</datafield>
<dataField tag="260" ind1=" " ind2=" ">
<subfield code="c">2003-12-09 00:00:00</subfield>
</dataField>   <datafield tag="856" ind1=" " ind2=" ">
<subfield code="q">application/pdf</subfield>
</datafield>
<datafield tag="856" ind1="4" ind2="0">
<subfield code="u">https://www.revistas.usp.br/actafisiatrica/article/view/102458</subfield>
</datafield>  <datafield tag="786" ind1="0" ind2=" ">
<subfield code="n">Acta Fisiátrica; v. 10 n. 3 (2003)</subfield>
</datafield>  <datafield tag="546" ind1=" " ind2=" ">
<subfield code="a">por</subfield>
</datafield>   <datafield tag="540" ind1=" " ind2=" ">
<subfield code="a">Copyright (c) 2003 Acta Fisiátrica</subfield>
</datafield>
</record>
</metadata>
</record>