
<record>
<header>
<identifier>oai:revistas.usp.br:article/102461</identifier>
<datestamp>2020-08-03T21:16:33Z</datestamp>
<setSpec>actafisiatrica:Art.+Rev.</setSpec>
<setSpec>driver</setSpec>
</header>
<metadata>
<record xmlns="http://www.loc.gov/MARC21/slim" xmlns:xsi="http://www.w3.org/2001/XMLSchema-instance" xsi:schemaLocation="http://www.loc.gov/MARC21/slim http://www.loc.gov/standards/marcxml/schema/MARC21slim.xsd">
<leader>     nmb a2200000Iu 4500</leader>
<controlfield tag="008">"031209 2003                        eng  "</controlfield>
<datafield tag="022" ind1="#" ind2="#">
<subfield code="$a">2317-0190</subfield>
</datafield>
<datafield tag="022" ind1="#" ind2="#">
<subfield code="$a">0104-7795</subfield>
</datafield>
<datafield tag="042" ind1=" " ind2=" ">
<subfield code="a">dc</subfield>
</datafield>
<datafield tag="245" ind1="0" ind2="0">
<subfield code="a">Importância do treinamento de força na reabilitação da função muscular, equilíbrio e mobilidade de idosos</subfield>
</datafield>  <datafield tag="720" ind1="1" ind2=" ">
<subfield code="a">Faria, Juliana de Castro</subfield>
<subfield code="u">Universidade Federal de Minas Gerais</subfield></datafield>
<datafield tag="720" ind1="1" ind2=" ">
<subfield code="a">Machala, Carolina Carla</subfield>
<subfield code="u">Universidade Federal de Minas Gerais</subfield></datafield>
<datafield tag="720" ind1="1" ind2=" ">
<subfield code="a">Dias, Rosângela Corrêa</subfield>
<subfield code="u">Universidade Federal de Minas Gerais</subfield></datafield>
<datafield tag="720" ind1="1" ind2=" ">
<subfield code="a">Dias, João Marcos Domingues</subfield>
<subfield code="u">Universidade Federal de Minas Gerais</subfield></datafield>
<datafield tag="520" ind1=" " ind2=" ">
<subfield code="a"> Com o processo de envelhecimento ocorrem modificações fisiológicas na função neuro-músculo-esquelética. Associadas a doenças crônico-degenerativas, altamente prevalentes nos idosos, essas modificações poderão levar a déficits de equilíbrio e alterações na marcha que predispõem à ocorrência de quedas, ocasionando graves conseqüências sobre o desempenho funcional e na realização de atividades de vida diária (AVDs). Não é correto atribuir-se a deterioração dessas capacidades como conseqüência inevitável do envelhecimento. Contudo, está claro que muito dessa deterioração pode ser atribuída a níveis reduzidos de atividade física. Isso significa que a implementação de um programa de exercícios, mesmo em idades extremas, é capaz de minimizar ou mesmo evitar o declínio funcional acentuado, amenizando os efeitos das doenças, ou mesmo prevenindo-as. Esta revisão bibliográfica teve como objetivo analisar estudos que estabeleceram correlações entre programas de fortalecimento muscular e o desempenho funcional de idosos no equilíbrio e na marcha. Para tanto, foi feita uma busca na base de dados MEDLINE e LILACS de estudos que se propuseram a estabelecer estas correlações. </subfield>
</datafield>
<datafield tag="260" ind1=" " ind2=" ">
<subfield code="b">Faculdade de Medicina, Universidade de São Paulo</subfield>
</datafield>
<dataField tag="260" ind1=" " ind2=" ">
<subfield code="c">2003-12-09 00:00:00</subfield>
</dataField>   <datafield tag="856" ind1=" " ind2=" ">
<subfield code="q">application/pdf</subfield>
</datafield>
<datafield tag="856" ind1="4" ind2="0">
<subfield code="u">https://www.revistas.usp.br/actafisiatrica/article/view/102461</subfield>
</datafield>  <datafield tag="786" ind1="0" ind2=" ">
<subfield code="n">Acta Fisiátrica; v. 10 n. 3 (2003)</subfield>
</datafield>  <datafield tag="546" ind1=" " ind2=" ">
<subfield code="a">por</subfield>
</datafield>   <datafield tag="540" ind1=" " ind2=" ">
<subfield code="a">Copyright (c) 2003 Acta Fisiátrica</subfield>
</datafield>
</record>
</metadata>
</record>