
<record>
<header>
<identifier>oai:revistas.usp.br:article/102462</identifier>
<datestamp>2020-08-03T21:16:37Z</datestamp>
<setSpec>actafisiatrica:Art.+Rev.</setSpec>
<setSpec>driver</setSpec>
</header>
<metadata>
<record xmlns="http://www.loc.gov/MARC21/slim" xmlns:xsi="http://www.w3.org/2001/XMLSchema-instance" xsi:schemaLocation="http://www.loc.gov/MARC21/slim http://www.loc.gov/standards/marcxml/schema/MARC21slim.xsd">
<leader>     nmb a2200000Iu 4500</leader>
<controlfield tag="008">"031209 2003                        eng  "</controlfield>
<datafield tag="022" ind1="#" ind2="#">
<subfield code="$a">2317-0190</subfield>
</datafield>
<datafield tag="022" ind1="#" ind2="#">
<subfield code="$a">0104-7795</subfield>
</datafield>
<datafield tag="042" ind1=" " ind2=" ">
<subfield code="a">dc</subfield>
</datafield>
<datafield tag="245" ind1="0" ind2="0">
<subfield code="a">O movimento de passar de sentado para de pé em idosos: implicações para o treinamento funcional</subfield>
</datafield>  <datafield tag="720" ind1="1" ind2=" ">
<subfield code="a">Goulart, Fátima</subfield>
<subfield code="u">Universidade Federal de Minas Gerais</subfield></datafield>
<datafield tag="720" ind1="1" ind2=" ">
<subfield code="a">Chaves, Carolina Mitre</subfield>
<subfield code="u">Universidade Federal de Minas Gerais</subfield></datafield>
<datafield tag="720" ind1="1" ind2=" ">
<subfield code="a">Chagas e Vallone, Márcia Luciane Drumond das</subfield>
<subfield code="u">Universidade Federal de Minas Gerais</subfield></datafield>
<datafield tag="720" ind1="1" ind2=" ">
<subfield code="a">Carvalho, Juliana Azevedo</subfield>
<subfield code="u">Universidade Federal de Minas Gerais</subfield></datafield>
<datafield tag="720" ind1="1" ind2=" ">
<subfield code="a">Saiki, Kátia Regina</subfield>
<subfield code="u">Universidade Federal de Minas Gerais</subfield></datafield>
<datafield tag="520" ind1=" " ind2=" ">
<subfield code="a"> O movimento de passar de sentado para de pé (ST-DP) é de grande importância no dia a dia das pessoas. Dificuldades na realização deste movimento podem ocorrer no idoso em decorrência de fatores intrínsecos ou extrínsecos, limitando a sua participação em atividades cotidianas. O objetivo da presente revisão foi caracterizar o movimento de ST-DP, identificar as limitações no idoso que interferem na sua habilidade de executar esse movimento e discutir como tais limitações podem ser minimizadas através do tratamento fisioterapêutico. O movimento de ST-DP é gerado por um momento de inércia horizontal e outro vertical e ressalta-se a ativação dos músculos tibial anterior, sóleo, gastrocnêmio, quadríceps, isquiotibiais, glúteo máximo, abdominais, paravertebral lombar, trapézio e esternocleidomastóideo durante a realização do mesmo. Fatores relacionados à dificuldade de passar de ST-DP em idosos incluem fatores fisiológicos, ambientais e a posição inicial de segmentos corporais. O tratamento fisioterapêutico deve abordar o ganho de força muscular, o alongamento da musculatura específica e a manutenção das amplitudes articulares para otimizar a performance desse movimento em idosos. Além disso, a adoção de determinadas medidas como a modificação da altura do assento, a presença de apoio para os braços e o posicionamento adequado dos pés podem facilitar a habilidade do idoso em realizar a tarefa de ST-DP. O treinamento funcional específico pode melhorar a performance motora e promover maior independência em indivíduos nesta faixa etária. </subfield>
</datafield>
<datafield tag="260" ind1=" " ind2=" ">
<subfield code="b">Faculdade de Medicina, Universidade de São Paulo</subfield>
</datafield>
<dataField tag="260" ind1=" " ind2=" ">
<subfield code="c">2003-12-09 00:00:00</subfield>
</dataField>   <datafield tag="856" ind1=" " ind2=" ">
<subfield code="q">application/pdf</subfield>
</datafield>
<datafield tag="856" ind1="4" ind2="0">
<subfield code="u">https://www.revistas.usp.br/actafisiatrica/article/view/102462</subfield>
</datafield>  <datafield tag="786" ind1="0" ind2=" ">
<subfield code="n">Acta Fisiátrica; v. 10 n. 3 (2003)</subfield>
</datafield>  <datafield tag="546" ind1=" " ind2=" ">
<subfield code="a">por</subfield>
</datafield>   <datafield tag="540" ind1=" " ind2=" ">
<subfield code="a">Copyright (c) 2003 Acta Fisiátrica</subfield>
</datafield>
</record>
</metadata>
</record>