
<record>
<header>
<identifier>oai:revistas.usp.br:article/102465</identifier>
<datestamp>2020-08-15T21:13:52Z</datestamp>
<setSpec>actafisiatrica:Tend.+Refle.</setSpec>
<setSpec>driver</setSpec>
</header>
<metadata>
<record xmlns="http://www.loc.gov/MARC21/slim" xmlns:xsi="http://www.w3.org/2001/XMLSchema-instance" xsi:schemaLocation="http://www.loc.gov/MARC21/slim http://www.loc.gov/standards/marcxml/schema/MARC21slim.xsd">
<leader>     nmb a2200000Iu 4500</leader>
<controlfield tag="008">"040409 2004                        eng  "</controlfield>
<datafield tag="022" ind1="#" ind2="#">
<subfield code="$a">2317-0190</subfield>
</datafield>
<datafield tag="022" ind1="#" ind2="#">
<subfield code="$a">0104-7795</subfield>
</datafield>
<datafield tag="042" ind1=" " ind2=" ">
<subfield code="a">dc</subfield>
</datafield>
<datafield tag="245" ind1="0" ind2="0">
<subfield code="a">A barbárie do preconceito contra o deficiente: todos somos vítimas</subfield>
</datafield>  <datafield tag="100" ind1="1" ind2=" ">
<subfield code="a">Schewinsky, Sandra Regina</subfield>
<subfield code="u">Universidade de São Paulo. Faculdade de Medicina</subfield></datafield>
<datafield tag="520" ind1=" " ind2=" ">
<subfield code="a"> O presente artigo refere-se a reflexões tanto sobre o preconceito em relação às pessoas portadoras de deficiência física, como sobre o sofrimento do preconceituoso. Baseia-se na perspectiva da Teoria Crítica, de acordo com os autores: Adorno, Horkheimer e Crochík. Inicialmente, haverá uma breve retrospectiva histórica em relação às ações preconceituosas e cruéis contra as pessoas portadoras de deficiência e sua posterior relação com a atualidade. Preconiza-se que o preconceito é um fenômeno psicológico que se dá no processo de socialização, discorre, sobre o sofrimento, crueldade e vergonha. Ressalta, por fim, a necessidade de uma compreensão crítica para melhorar as condições individuais e sociais de vida. </subfield>
</datafield>
<datafield tag="260" ind1=" " ind2=" ">
<subfield code="b">Faculdade de Medicina, Universidade de São Paulo</subfield>
</datafield>
<dataField tag="260" ind1=" " ind2=" ">
<subfield code="c">2004-04-09 00:00:00</subfield>
</dataField>   <datafield tag="856" ind1=" " ind2=" ">
<subfield code="q">application/pdf</subfield>
</datafield>
<datafield tag="856" ind1="4" ind2="0">
<subfield code="u">https://www.revistas.usp.br/actafisiatrica/article/view/102465</subfield>
</datafield>  <datafield tag="786" ind1="0" ind2=" ">
<subfield code="n">Acta Fisiátrica; v. 11 n. 1 (2004)</subfield>
</datafield>  <datafield tag="546" ind1=" " ind2=" ">
<subfield code="a">por</subfield>
</datafield>   <datafield tag="540" ind1=" " ind2=" ">
<subfield code="a">Copyright (c) 2004 Acta Fisiátrica</subfield>
</datafield>
</record>
</metadata>
</record>