
<record>
<header>
<identifier>oai:revistas.usp.br:article/102466</identifier>
<datestamp>2020-08-15T21:13:33Z</datestamp>
<setSpec>actafisiatrica:Art.+Orig.</setSpec>
<setSpec>driver</setSpec>
</header>
<metadata>
<record xmlns="http://www.loc.gov/MARC21/slim" xmlns:xsi="http://www.w3.org/2001/XMLSchema-instance" xsi:schemaLocation="http://www.loc.gov/MARC21/slim http://www.loc.gov/standards/marcxml/schema/MARC21slim.xsd">
<leader>     nmb a2200000Iu 4500</leader>
<controlfield tag="008">"040409 2004                        eng  "</controlfield>
<datafield tag="022" ind1="#" ind2="#">
<subfield code="$a">2317-0190</subfield>
</datafield>
<datafield tag="022" ind1="#" ind2="#">
<subfield code="$a">0104-7795</subfield>
</datafield>
<datafield tag="042" ind1=" " ind2=" ">
<subfield code="a">dc</subfield>
</datafield>
<datafield tag="245" ind1="0" ind2="0">
<subfield code="a">Análise do desempenho funcional em pacientes portadores de doença de Parkinson</subfield>
</datafield>  <datafield tag="720" ind1="1" ind2=" ">
<subfield code="a">Goulart, Fátima</subfield>
<subfield code="u">Universidade Federal de Minas Gerais</subfield></datafield>
<datafield tag="720" ind1="1" ind2=" ">
<subfield code="a">Santos, Clarissa Cardoso dos</subfield>
<subfield code="u">Universidade Federal de Minas Gerais</subfield></datafield>
<datafield tag="720" ind1="1" ind2=" ">
<subfield code="a">Teixeira-Salmela, Luci Fuscaldi</subfield>
<subfield code="u">Universidade Federal de Minas Gerais</subfield></datafield>
<datafield tag="720" ind1="1" ind2=" ">
<subfield code="a">Cardoso, Francisco</subfield>
<subfield code="u">Universidade Federal de Minas Gerais</subfield></datafield>
<datafield tag="520" ind1=" " ind2=" ">
<subfield code="a"> A Doença de Parkinson (DP) é uma doença degenerativa e progressiva do sistema nervoso central, caracterizada, principalmente, por alterações motoras. Objetivo: avaliar o desempenho funcional e a qualidade de vida de parkinsonianos nos estágios inicial e intermediário da doença. Metodologia: 20 pacientes (60,8±9,7 anos) com Hoehn e Yahr entre 1 e 3 foram avaliados e comparados com 20 indivíduos saudáveis (63,5±6,3 anos). O Perfil de Atividade Humana (PAH), a velocidade da marcha (m/s) e a velocidade para subir/descer escadas (degraus/minuto) foram usados para avaliar o desempenho funcional e o Perfil de Saúde de Nottingham para avaliar a qualidade de vida. Resultados: foram observadas diferenças significativas no PAH (p=0,000) e na velocidade da marcha (p=0,05), demonstrando pobre aptidão física e lentidão da marcha dos pacientes com DP. Conclusão: Os resultados demonstraram que alterações da performance funcional estão presentes desde fases iniciais da DP e não apenas na fase avançada. </subfield>
</datafield>
<datafield tag="260" ind1=" " ind2=" ">
<subfield code="b">Faculdade de Medicina, Universidade de São Paulo</subfield>
</datafield>
<dataField tag="260" ind1=" " ind2=" ">
<subfield code="c">2004-04-09 00:00:00</subfield>
</dataField>   <datafield tag="856" ind1=" " ind2=" ">
<subfield code="q">application/pdf</subfield>
</datafield>
<datafield tag="856" ind1="4" ind2="0">
<subfield code="u">https://www.revistas.usp.br/actafisiatrica/article/view/102466</subfield>
</datafield>  <datafield tag="786" ind1="0" ind2=" ">
<subfield code="n">Acta Fisiátrica; v. 11 n. 1 (2004)</subfield>
</datafield>  <datafield tag="546" ind1=" " ind2=" ">
<subfield code="a">por</subfield>
</datafield>   <datafield tag="540" ind1=" " ind2=" ">
<subfield code="a">Copyright (c) 2004 Acta Fisiátrica</subfield>
</datafield>
</record>
</metadata>
</record>