
<record>
<header>
<identifier>oai:revistas.usp.br:article/102468</identifier>
<datestamp>2020-08-15T21:13:39Z</datestamp>
<setSpec>actafisiatrica:Art.+Orig.</setSpec>
<setSpec>driver</setSpec>
</header>
<metadata>
<record xmlns="http://www.loc.gov/MARC21/slim" xmlns:xsi="http://www.w3.org/2001/XMLSchema-instance" xsi:schemaLocation="http://www.loc.gov/MARC21/slim http://www.loc.gov/standards/marcxml/schema/MARC21slim.xsd">
<leader>     nmb a2200000Iu 4500</leader>
<controlfield tag="008">"040409 2004                        eng  "</controlfield>
<datafield tag="022" ind1="#" ind2="#">
<subfield code="$a">2317-0190</subfield>
</datafield>
<datafield tag="022" ind1="#" ind2="#">
<subfield code="$a">0104-7795</subfield>
</datafield>
<datafield tag="042" ind1=" " ind2=" ">
<subfield code="a">dc</subfield>
</datafield>
<datafield tag="245" ind1="0" ind2="0">
<subfield code="a">Análise da qualidade de vida em pacientes de Escola de Postura</subfield>
</datafield>  <datafield tag="720" ind1="1" ind2=" ">
<subfield code="a">Cesar, Sofia Helena Kuckartz</subfield>
<subfield code="u">Universidade de São Paulo. Faculdade de Medicina</subfield></datafield>
<datafield tag="720" ind1="1" ind2=" ">
<subfield code="a">Brito Júnior, Carlos Alexandrino de</subfield>
<subfield code="u">Universidade de São Paulo. Faculdade de Medicina</subfield></datafield>
<datafield tag="720" ind1="1" ind2=" ">
<subfield code="a">Battistella, Linamara Rizzo</subfield>
<subfield code="u">Universidade de São Paulo. Faculdade de Medicina</subfield><subfield code="0">https://orcid.org/0000-0001-5275-0733</subfield></datafield>
<datafield tag="520" ind1=" " ind2=" ">
<subfield code="a"> Qualidade de vida é a percepção individual de um bem estar físico, mental e social, podendo ser influenciada pelo aparecimento de várias condições de saúde. Entre elas, destaca-se a lombalgia, devido ao elevado número de casos encontrados na população, com seu padrão característico de alterações neurológicas e biomecânicas. Através do questionário SF-36 (Short Form Health Survey) composto por 8 domínios, permite-se mensurar o quanto uma doença consegue interferir sobre a qualidade de vida do indivíduo. O trabalho foi desenvolvido através de estudo retrospectivo, com o objetivo de avaliar a evolução dos parâmetros do questionário SF- 36. Foram acompanhados 154 pacientes da Escola de Postura da DMR-USP, portadores de lombalgia, em um seguimento de 4 meses, no período de Setembro de 2001 a Setembro de 2003. Os domínios dor, estado geral de saúde, vitalidade, limitação dos aspectos físicos e saúde mental apresentaram tendência favorável quando confrontados os resultados da avaliação inicial em relação aquelas obtidas nas reavaliações de 1 mês e/ou 4 meses. </subfield>
</datafield>
<datafield tag="260" ind1=" " ind2=" ">
<subfield code="b">Faculdade de Medicina, Universidade de São Paulo</subfield>
</datafield>
<dataField tag="260" ind1=" " ind2=" ">
<subfield code="c">2004-04-09 00:00:00</subfield>
</dataField>   <datafield tag="856" ind1=" " ind2=" ">
<subfield code="q">application/pdf</subfield>
</datafield>
<datafield tag="856" ind1="4" ind2="0">
<subfield code="u">https://www.revistas.usp.br/actafisiatrica/article/view/102468</subfield>
</datafield>  <datafield tag="786" ind1="0" ind2=" ">
<subfield code="n">Acta Fisiátrica; v. 11 n. 1 (2004)</subfield>
</datafield>  <datafield tag="546" ind1=" " ind2=" ">
<subfield code="a">por</subfield>
</datafield>   <datafield tag="540" ind1=" " ind2=" ">
<subfield code="a">Copyright (c) 2004 Acta Fisiátrica</subfield>
</datafield>
</record>
</metadata>
</record>