
<record>
<header>
<identifier>oai:revistas.usp.br:article/102469</identifier>
<datestamp>2020-08-15T21:13:43Z</datestamp>
<setSpec>actafisiatrica:Art.+Orig.</setSpec>
<setSpec>driver</setSpec>
</header>
<metadata>
<record xmlns="http://www.loc.gov/MARC21/slim" xmlns:xsi="http://www.w3.org/2001/XMLSchema-instance" xsi:schemaLocation="http://www.loc.gov/MARC21/slim http://www.loc.gov/standards/marcxml/schema/MARC21slim.xsd">
<leader>     nmb a2200000Iu 4500</leader>
<controlfield tag="008">"040409 2004                        eng  "</controlfield>
<datafield tag="022" ind1="#" ind2="#">
<subfield code="$a">2317-0190</subfield>
</datafield>
<datafield tag="022" ind1="#" ind2="#">
<subfield code="$a">0104-7795</subfield>
</datafield>
<datafield tag="042" ind1=" " ind2=" ">
<subfield code="a">dc</subfield>
</datafield>
<datafield tag="245" ind1="0" ind2="0">
<subfield code="a">Dor crônica sob a ótica dos pacientes da Escola de Postura da DMR HC FMUSP</subfield>
</datafield>  <datafield tag="720" ind1="1" ind2=" ">
<subfield code="a">Oliveira, Erineide Souza de</subfield>
<subfield code="u">Universidade de São Paulo. Faculdade de Medicina</subfield></datafield>
<datafield tag="720" ind1="1" ind2=" ">
<subfield code="a">Gazetta, Maria Luisa Barca</subfield>
<subfield code="u">Universidade de São Paulo. Faculdade de Medicina</subfield></datafield>
<datafield tag="720" ind1="1" ind2=" ">
<subfield code="a">Salimene, Arlete Camargo de Melo</subfield>
<subfield code="u">Universidade de São Paulo. Faculdade de Medicina</subfield></datafield>
<datafield tag="520" ind1=" " ind2=" ">
<subfield code="a"> A Escola de Postura é apontada na literatura mundial, como importante meio terapêutico para amenizar as dores na coluna vertebral, melhorando a qualidade de vida das pessoas assoladas por essa afecção. Este estudo objetivou conhecer a representação social que os pacientes integrantes da Escola de Postura da DMR-HCFMUSP têm sobre a dor crônica na coluna vertebral, verificando os impactos que ocorrem em suas relações sociais. A identificação dessas construções mentais oferece subsídios aos profissionais da equipe para aprimorar o programa educativo elaborado para a Escola de Postura. O estudo foi realizado por meio de pesquisa quantitativa e qualitativa, com dados coletados com os protocolos de avaliação do serviço social da DMR, específicos para este programa. O universo da pesquisa constituiu-se de 51 pacientes que participaram da escola de postura de outubro de 2001 a abril de 2002. Constatamos que as representações sociais da dor crônica da coluna estão associadas ao isolamento social, a limitação, diminuição da capacidade de produção e da virilidade a possível perda de espaço social e profissional. Essas representações interferem significativamente na aceitação e seguimento das orientações recebidas e em compartilhar com os membros dos grupos sociais nos quais participa sua condição de “pessoa com uma doença limitante”, podendo gerar conflitos quando do desempenho de papéis sociais. </subfield>
</datafield>
<datafield tag="260" ind1=" " ind2=" ">
<subfield code="b">Faculdade de Medicina, Universidade de São Paulo</subfield>
</datafield>
<dataField tag="260" ind1=" " ind2=" ">
<subfield code="c">2004-04-09 00:00:00</subfield>
</dataField>   <datafield tag="856" ind1=" " ind2=" ">
<subfield code="q">application/pdf</subfield>
</datafield>
<datafield tag="856" ind1="4" ind2="0">
<subfield code="u">https://www.revistas.usp.br/actafisiatrica/article/view/102469</subfield>
</datafield>  <datafield tag="786" ind1="0" ind2=" ">
<subfield code="n">Acta Fisiátrica; v. 11 n. 1 (2004)</subfield>
</datafield>  <datafield tag="546" ind1=" " ind2=" ">
<subfield code="a">por</subfield>
</datafield>   <datafield tag="540" ind1=" " ind2=" ">
<subfield code="a">Copyright (c) 2004 Acta Fisiátrica</subfield>
</datafield>
</record>
</metadata>
</record>