
<record>
<header>
<identifier>oai:revistas.usp.br:article/102471</identifier>
<datestamp>2020-08-15T21:13:47Z</datestamp>
<setSpec>actafisiatrica:Art.+Rev.</setSpec>
<setSpec>driver</setSpec>
</header>
<metadata>
<record xmlns="http://www.loc.gov/MARC21/slim" xmlns:xsi="http://www.w3.org/2001/XMLSchema-instance" xsi:schemaLocation="http://www.loc.gov/MARC21/slim http://www.loc.gov/standards/marcxml/schema/MARC21slim.xsd">
<leader>     nmb a2200000Iu 4500</leader>
<controlfield tag="008">"040409 2004                        eng  "</controlfield>
<datafield tag="022" ind1="#" ind2="#">
<subfield code="$a">2317-0190</subfield>
</datafield>
<datafield tag="022" ind1="#" ind2="#">
<subfield code="$a">0104-7795</subfield>
</datafield>
<datafield tag="042" ind1=" " ind2=" ">
<subfield code="a">dc</subfield>
</datafield>
<datafield tag="245" ind1="0" ind2="0">
<subfield code="a">Perspectivas diagnósticas e terapêuticas da osteoporose após lesão medular</subfield>
</datafield>  <datafield tag="720" ind1="1" ind2=" ">
<subfield code="a">Brito, Christina May Moran de</subfield>
<subfield code="u">Universidade de São Paulo. Faculdade de Medicina</subfield></datafield>
<datafield tag="720" ind1="1" ind2=" ">
<subfield code="a">Battistella, Linamara Rizzo</subfield>
<subfield code="u">Universidade de São Paulo. Faculdade de Medicina</subfield><subfield code="0">https://orcid.org/0000-0001-5275-0733</subfield></datafield>
<datafield tag="520" ind1=" " ind2=" ">
<subfield code="a"> A osteoporose é uma das reconhecidas complicações da lesão medular, mas restam dúvidas quanto à totalidade de mecanismos fisiopatológicos envolvidos e tratamento efetivo. Grande parte da perda óssea ocorre na fase aguda, com estabilização cerca de doze a dezesseis meses após. A perda óssea afeta todos os segmentos, mas é mais intensa naqueles paralisados e em áreas ricas em osso trabecular. Mecanismos envolvidos não são totalmente esclarecidos, mas englobam não só a perda da tensão mecânica, mas também fatores neurovasculares e alterações estruturais do colágeno. Tanto marcadores bioquímicos quanto estudos com o uso da histomorfometria óssea evidenciam aumento da reabsorção óssea em detrimento da formação óssea. Estudos com o uso da densitometria óssea evidenciam dissociação entre a perda a nível da coluna e quadril, com maior perda a nível do quadril e de membros inferiores, achado considerado típico e marcante deste grupo de pacientes. Como conseqüência, o aumento da incidência de fraturas que se situa entre 1 e 7%, sendo muitas vezes decorrentes de traumas mínimos. Trabalhos com ortostatismo e cinesioterapia não demonstraram benefício significativo no que diz respeito à redução da perda de massa óssea e trabalhos com estimulação elétrica funcional apresentam resultados divergentes, parecendo resultar em algum benefício local. O uso de medicação anti-reabsortiva parece constituir opção promissora, sobretudo na fase aguda, mas estudos são ainda necessários para avaliar a sua efetividade, ou seja, a redução da incidência de fraturas. </subfield>
</datafield>
<datafield tag="260" ind1=" " ind2=" ">
<subfield code="b">Faculdade de Medicina, Universidade de São Paulo</subfield>
</datafield>
<dataField tag="260" ind1=" " ind2=" ">
<subfield code="c">2004-04-09 00:00:00</subfield>
</dataField>   <datafield tag="856" ind1=" " ind2=" ">
<subfield code="q">application/pdf</subfield>
</datafield>
<datafield tag="856" ind1="4" ind2="0">
<subfield code="u">https://www.revistas.usp.br/actafisiatrica/article/view/102471</subfield>
</datafield>  <datafield tag="786" ind1="0" ind2=" ">
<subfield code="n">Acta Fisiátrica; v. 11 n. 1 (2004)</subfield>
</datafield>  <datafield tag="546" ind1=" " ind2=" ">
<subfield code="a">por</subfield>
</datafield>   <datafield tag="540" ind1=" " ind2=" ">
<subfield code="a">Copyright (c) 2004 Acta Fisiátrica</subfield>
</datafield>
</record>
</metadata>
</record>