
<record>
<header>
<identifier>oai:revistas.usp.br:article/102473</identifier>
<datestamp>2020-08-15T21:13:57Z</datestamp>
<setSpec>actafisiatrica:Rel.+Caso</setSpec>
<setSpec>driver</setSpec>
</header>
<metadata>
<record xmlns="http://www.loc.gov/MARC21/slim" xmlns:xsi="http://www.w3.org/2001/XMLSchema-instance" xsi:schemaLocation="http://www.loc.gov/MARC21/slim http://www.loc.gov/standards/marcxml/schema/MARC21slim.xsd">
<leader>     nmb a2200000Iu 4500</leader>
<controlfield tag="008">"040409 2004                        eng  "</controlfield>
<datafield tag="022" ind1="#" ind2="#">
<subfield code="$a">2317-0190</subfield>
</datafield>
<datafield tag="022" ind1="#" ind2="#">
<subfield code="$a">0104-7795</subfield>
</datafield>
<datafield tag="042" ind1=" " ind2=" ">
<subfield code="a">dc</subfield>
</datafield>
<datafield tag="245" ind1="0" ind2="0">
<subfield code="a">A importância do tratamento das síndromes dolorosas no traumatismo cranioencefálico</subfield>
</datafield>  <datafield tag="720" ind1="1" ind2=" ">
<subfield code="a">Sugawara, André Tadeu</subfield>
<subfield code="u">Universidade de São Paulo. Faculdade de Medicina</subfield><subfield code="0">https://orcid.org/0000-0003-2818-2101</subfield></datafield>
<datafield tag="720" ind1="1" ind2=" ">
<subfield code="a">Jorge, Liliana Lourenço</subfield>
<subfield code="u">Universidade de São Paulo. Faculdade de Medicina</subfield></datafield>
<datafield tag="720" ind1="1" ind2=" ">
<subfield code="a">Fen, Chien Hsin</subfield>
<subfield code="u">Universidade de São Paulo. Faculdade de Medicina</subfield></datafield>
<datafield tag="720" ind1="1" ind2=" ">
<subfield code="a">Imamura, Marta</subfield>
<subfield code="u">Universidade de São Paulo. Faculdade de Medicina</subfield><subfield code="0">https://orcid.org/0000-0003-0355-9697</subfield></datafield>
<datafield tag="720" ind1="1" ind2=" ">
<subfield code="a">Hsing, Wu Tu</subfield>
<subfield code="u">Universidade de São Paulo. Faculdade de Medicina</subfield></datafield>
<datafield tag="520" ind1=" " ind2=" ">
<subfield code="a"> Segundo o modelo do National Center for Medical Rehabilitation Research, a doença crônica (como o traumatismo cranioencefálico) deve ser observada por meio de 5 eixos – a fisiopatologia, a deficiência observável (a hemiparesia), a limitação funcional (incapacidade para tarefa especifica), incapacidade para realização de atividades de vida diária, e limitação social. Levando em conta que tais aspectos sejam interrelacionados, a abordagem interdisciplinar é o método de escolha da prática da Medicina de Reabilitação. O objetivo do presente relato é confirmar a interferência da dor na reabilitação do traumatismo cranioencefálico (TCE), cuja importância muitas vezes é minimizada, apesar de crescentes estudos acerca da etiopatogenia e tratamento da dor no TCE. Foi realizado acompanhamento de uma paciente vítima de TCE na Divisão de Medicina Física do Instituto de Ortopedia e Traumatologia do Hospital das Clínicas da Faculdade de Medicina da Universidade de São Paulo em 2002, para quem diversas modalidades analgésicas foram propostas, além da aplicação de questionário funcional e sobre qualidade de vida, com melhora observada em todas as medidas. É necessária análise crítica dos instrumentos de medida de saúde, na medida em que neles se observa alta capacidade para detecção de habilidades motoras e baixa eficiência em detectar melhora da funcionalidade devido aos ganhos nos campos psicoafetivos e sociais, que são diretamente relacionado à experiência dolorosa </subfield>
</datafield>
<datafield tag="260" ind1=" " ind2=" ">
<subfield code="b">Faculdade de Medicina, Universidade de São Paulo</subfield>
</datafield>
<dataField tag="260" ind1=" " ind2=" ">
<subfield code="c">2004-04-09 00:00:00</subfield>
</dataField>   <datafield tag="856" ind1=" " ind2=" ">
<subfield code="q">application/pdf</subfield>
</datafield>
<datafield tag="856" ind1="4" ind2="0">
<subfield code="u">https://www.revistas.usp.br/actafisiatrica/article/view/102473</subfield>
</datafield>  <datafield tag="786" ind1="0" ind2=" ">
<subfield code="n">Acta Fisiátrica; v. 11 n. 1 (2004)</subfield>
</datafield>  <datafield tag="546" ind1=" " ind2=" ">
<subfield code="a">por</subfield>
</datafield>   <datafield tag="540" ind1=" " ind2=" ">
<subfield code="a">Copyright (c) 2004 Acta Fisiátrica</subfield>
</datafield>
</record>
</metadata>
</record>