
<record>
<header>
<identifier>oai:revistas.usp.br:article/102474</identifier>
<datestamp>2020-08-15T21:14:01Z</datestamp>
<setSpec>actafisiatrica:Rel.+Caso</setSpec>
<setSpec>driver</setSpec>
</header>
<metadata>
<record xmlns="http://www.loc.gov/MARC21/slim" xmlns:xsi="http://www.w3.org/2001/XMLSchema-instance" xsi:schemaLocation="http://www.loc.gov/MARC21/slim http://www.loc.gov/standards/marcxml/schema/MARC21slim.xsd">
<leader>     nmb a2200000Iu 4500</leader>
<controlfield tag="008">"040409 2004                        eng  "</controlfield>
<datafield tag="022" ind1="#" ind2="#">
<subfield code="$a">2317-0190</subfield>
</datafield>
<datafield tag="022" ind1="#" ind2="#">
<subfield code="$a">0104-7795</subfield>
</datafield>
<datafield tag="042" ind1=" " ind2=" ">
<subfield code="a">dc</subfield>
</datafield>
<datafield tag="245" ind1="0" ind2="0">
<subfield code="a">Miopatia por corticosteróide</subfield>
</datafield>  <datafield tag="720" ind1="1" ind2=" ">
<subfield code="a">Carvalho, Fabrício Nunes</subfield>
<subfield code="u">Clínica Pontesclin</subfield></datafield>
<datafield tag="720" ind1="1" ind2=" ">
<subfield code="a">Dias, Rafael José Soares</subfield>
<subfield code="u">Hospital Márcio Cunha</subfield></datafield>
<datafield tag="720" ind1="1" ind2=" ">
<subfield code="a">Carneiro, Armando Pereira</subfield>
<subfield code="u">Hospital Arapiara</subfield></datafield>
<datafield tag="520" ind1=" " ind2=" ">
<subfield code="a"> O uso crônico de corticosteróide está relacionado com o aparecimento de miopatia que é potencialmente reversível com a descontinuação destas drogas. O objetivo deste artigo consiste em alertar os médicos sobre esta possível complicação da corticoterapia, pois trata-se de uma doença reversível e que pode simular um agravamento da patologia para a qual o corticosteróide está sendo utilizado. Faremos o relato de 2 pacientes que usaram corticosteróide por longo período e que vieram ao nosso consultório para realização de eletroneuromiografia, cuja queixa principal era fraqueza muscular e o estudo eletroneuromiográfico foi compatível com miopatia. </subfield>
</datafield>
<datafield tag="260" ind1=" " ind2=" ">
<subfield code="b">Faculdade de Medicina, Universidade de São Paulo</subfield>
</datafield>
<dataField tag="260" ind1=" " ind2=" ">
<subfield code="c">2004-04-09 00:00:00</subfield>
</dataField>   <datafield tag="856" ind1=" " ind2=" ">
<subfield code="q">application/pdf</subfield>
</datafield>
<datafield tag="856" ind1="4" ind2="0">
<subfield code="u">https://www.revistas.usp.br/actafisiatrica/article/view/102474</subfield>
</datafield>  <datafield tag="786" ind1="0" ind2=" ">
<subfield code="n">Acta Fisiátrica; v. 11 n. 1 (2004)</subfield>
</datafield>  <datafield tag="546" ind1=" " ind2=" ">
<subfield code="a">por</subfield>
</datafield>   <datafield tag="540" ind1=" " ind2=" ">
<subfield code="a">Copyright (c) 2004 Acta Fisiátrica</subfield>
</datafield>
</record>
</metadata>
</record>