
<record>
<header>
<identifier>oai:revistas.usp.br:article/102475</identifier>
<datestamp>2020-08-15T21:16:40Z</datestamp>
<setSpec>actafisiatrica:Edit</setSpec>
<setSpec>driver</setSpec>
</header>
<metadata>
<record xmlns="http://www.loc.gov/MARC21/slim" xmlns:xsi="http://www.w3.org/2001/XMLSchema-instance" xsi:schemaLocation="http://www.loc.gov/MARC21/slim http://www.loc.gov/standards/marcxml/schema/MARC21slim.xsd">
<leader>     nmb a2200000Iu 4500</leader>
<controlfield tag="008">"040809 2004                        eng  "</controlfield>
<datafield tag="022" ind1="#" ind2="#">
<subfield code="$a">2317-0190</subfield>
</datafield>
<datafield tag="022" ind1="#" ind2="#">
<subfield code="$a">0104-7795</subfield>
</datafield>
<datafield tag="042" ind1=" " ind2=" ">
<subfield code="a">dc</subfield>
</datafield>
<datafield tag="245" ind1="0" ind2="0">
<subfield code="a">Editorial</subfield>
</datafield>  <datafield tag="100" ind1="1" ind2=" ">
<subfield code="a">Riberto, Marcelo</subfield>
</datafield>
<datafield tag="520" ind1=" " ind2=" ">
<subfield code="a"> O conhecimento científico inicia-se na observação dos fenômenos da natureza e descrição dos mesmos por meio de leis. Esse é o primeiro passo para a percepção de relações entre possíveis fatores causais e seus efeitos, o que, aos olhos de observadores mais atentos, pode resultar no estabelecimento de hipóteses a respeito dos mecanismos intermediários a uns e outros. Os estudos de casos e estudos epidemiológicos descritivos são os meios usados para este fim nas ciências dasaúde. A partir das observações realizadas no ambiente clínico, bem como do uso de técnicas e instrumentos de avaliação válidos, podem ser criados protocolos de experimentação que validemas hipóteses elaboradas ou determinem o redirecionamento da pesquisa em sentido a outras explicações possíveis para os dados de estudos observacionais. Desta forma, a Acta Fisiátrica tem reservado, desde a sua criação, espaço para as observações clínicas de casos específicos, com evoluções peculiares. Esse procedimento tem como intenção estimular a atenção da equipe multiprofissional que atua junto aos indivíduos sob reabilitação, bem como o relato desses casos, pois assim a troca de experiências pelos vários profissionaispermitirá o crescimento do corpo de conhecimento em reabilitação. </subfield>
</datafield>
<datafield tag="260" ind1=" " ind2=" ">
<subfield code="b">Faculdade de Medicina, Universidade de São Paulo</subfield>
</datafield>
<dataField tag="260" ind1=" " ind2=" ">
<subfield code="c">2004-08-09 00:00:00</subfield>
</dataField>   <datafield tag="856" ind1=" " ind2=" ">
<subfield code="q">application/pdf</subfield>
</datafield>
<datafield tag="856" ind1="4" ind2="0">
<subfield code="u">https://www.revistas.usp.br/actafisiatrica/article/view/102475</subfield>
</datafield>  <datafield tag="786" ind1="0" ind2=" ">
<subfield code="n">Acta Fisiátrica; v. 11 n. 2 (2004)</subfield>
</datafield>  <datafield tag="546" ind1=" " ind2=" ">
<subfield code="a">por</subfield>
</datafield>   <datafield tag="540" ind1=" " ind2=" ">
<subfield code="a">Copyright (c) 2004 Acta Fisiátrica</subfield>
</datafield>
</record>
</metadata>
</record>