
<record>
<header>
<identifier>oai:revistas.usp.br:article/102476</identifier>
<datestamp>2020-08-15T21:16:28Z</datestamp>
<setSpec>actafisiatrica:Tend.+Refle.</setSpec>
<setSpec>driver</setSpec>
</header>
<metadata>
<record xmlns="http://www.loc.gov/MARC21/slim" xmlns:xsi="http://www.w3.org/2001/XMLSchema-instance" xsi:schemaLocation="http://www.loc.gov/MARC21/slim http://www.loc.gov/standards/marcxml/schema/MARC21slim.xsd">
<leader>     nmb a2200000Iu 4500</leader>
<controlfield tag="008">"040809 2004                        eng  "</controlfield>
<datafield tag="022" ind1="#" ind2="#">
<subfield code="$a">2317-0190</subfield>
</datafield>
<datafield tag="022" ind1="#" ind2="#">
<subfield code="$a">0104-7795</subfield>
</datafield>
<datafield tag="042" ind1=" " ind2=" ">
<subfield code="a">dc</subfield>
</datafield>
<datafield tag="245" ind1="0" ind2="0">
<subfield code="a">Considerações sobre o processo de reabilitação</subfield>
</datafield>  <datafield tag="100" ind1="1" ind2=" ">
<subfield code="a">Borgneth, Livia</subfield>
<subfield code="u">Instituto de Assistência dos Servidores do Estado do Rio de Janeiro</subfield></datafield>
<datafield tag="520" ind1=" " ind2=" ">
<subfield code="a"> Este artigo propõe uma reflexão sobre o conceito do processo de reabilitação que tem por meta final a inclusão social da pessoa portadora de deficiência e a característica de dependência deste tipo de ação ao trabalho em equipe. Defende para reabilitação a atuação em equipe multiprofissional com metodologia interdisciplinar, considerando as vantagens inerentes deste tipo de organização de trabalho para incluir a pessoa portadora de deficiência na sociedade. Entende que toda equipe necessita de coordenação e ressalta a importância do papel do coordenador de equipe e a necessidade de capacitar médicos com a formação adequada para esta função. Discute as funções da equipe de reabilitação, incluindo a realização do diagnóstico funcional e a facilitação da adaptação do paciente e sua família à nova realidade, com a compreensão de suas limitações e potencialidades. </subfield>
</datafield>
<datafield tag="260" ind1=" " ind2=" ">
<subfield code="b">Faculdade de Medicina, Universidade de São Paulo</subfield>
</datafield>
<dataField tag="260" ind1=" " ind2=" ">
<subfield code="c">2004-08-09 00:00:00</subfield>
</dataField>   <datafield tag="856" ind1=" " ind2=" ">
<subfield code="q">application/pdf</subfield>
</datafield>
<datafield tag="856" ind1="4" ind2="0">
<subfield code="u">https://www.revistas.usp.br/actafisiatrica/article/view/102476</subfield>
</datafield>  <datafield tag="786" ind1="0" ind2=" ">
<subfield code="n">Acta Fisiátrica; v. 11 n. 2 (2004)</subfield>
</datafield>  <datafield tag="546" ind1=" " ind2=" ">
<subfield code="a">por</subfield>
</datafield>   <datafield tag="540" ind1=" " ind2=" ">
<subfield code="a">Copyright (c) 2004 Acta Fisiátrica</subfield>
</datafield>
</record>
</metadata>
</record>