
<record>
<header>
<identifier>oai:revistas.usp.br:article/102478</identifier>
<datestamp>2020-08-15T21:15:55Z</datestamp>
<setSpec>actafisiatrica:Art.+Orig.</setSpec>
<setSpec>driver</setSpec>
</header>
<metadata>
<record xmlns="http://www.loc.gov/MARC21/slim" xmlns:xsi="http://www.w3.org/2001/XMLSchema-instance" xsi:schemaLocation="http://www.loc.gov/MARC21/slim http://www.loc.gov/standards/marcxml/schema/MARC21slim.xsd">
<leader>     nmb a2200000Iu 4500</leader>
<controlfield tag="008">"040809 2004                        eng  "</controlfield>
<datafield tag="022" ind1="#" ind2="#">
<subfield code="$a">2317-0190</subfield>
</datafield>
<datafield tag="022" ind1="#" ind2="#">
<subfield code="$a">0104-7795</subfield>
</datafield>
<datafield tag="042" ind1=" " ind2=" ">
<subfield code="a">dc</subfield>
</datafield>
<datafield tag="245" ind1="0" ind2="0">
<subfield code="a">Proposta de um método de avaliação quantitativa da postura deitada baseado em fotografia</subfield>
</datafield>  <datafield tag="720" ind1="1" ind2=" ">
<subfield code="a">Saad, Marcelo</subfield>
<subfield code="u">Universidade Federal de São Paulo</subfield></datafield>
<datafield tag="720" ind1="1" ind2=" ">
<subfield code="a">Masiero, Danilo</subfield>
<subfield code="u">Universidade Federal de São Paulo</subfield></datafield>
<datafield tag="720" ind1="1" ind2=" ">
<subfield code="a">Lourenço, Alexandre Francisco de</subfield>
<subfield code="u">Universidade Federal de São Paulo</subfield></datafield>
<datafield tag="720" ind1="1" ind2=" ">
<subfield code="a">Battistella, Linamara Rizzo</subfield>
<subfield code="u">Universidade de São Paulo. Faculdade de Medicina</subfield><subfield code="0">https://orcid.org/0000-0001-5275-0733</subfield></datafield>
<datafield tag="520" ind1=" " ind2=" ">
<subfield code="a"> Atualmente, não são encontráveis referências na literatura em saúde sobre critérios objetivos e práticos para a prescrição e adequação de colchões. Objetivo: propor um método quantitativo de avaliação da postura deitada baseado em fotografia digital e validá-lo. Métodos: Foram avaliados 25 voluntários normais. Os voluntários receberam marcadores adesivos, e colocaram-se em decúbito dorsal e lateral sobre 2 colchões de diferentes densidades. Foram feitas fotografias digitais, que foram analisadas em um programa de computador. Dois observadores obtiveram o valor das inclinações dos segmentos corporais, e estes valores foram comparados aos valores fornecidos por um padrão ouro. Resultados: A análise dos dados mostrou que a validade, a reprodutibilidade intra-observador, a reprodutibilidade inter-observadores e a responsividade do método proposto foram estatisticamente significantes, com excelentes valores de concordância (acima de 0,9). Houve duas excessões, em situações específicas, que não invalidam o método como um todo. Conclusão: O método proposto tem caracterísitcas metodológicas adequadas para ser usado clinicamente e em pesquisa. Relevância: O sistema descrito pode ser usado em pesquisas futuras sobre o alinhamento da postura deitada a fim de orientar grupos populacionais sobre qual tipo de colchão lhes é mais adequado. </subfield>
</datafield>
<datafield tag="260" ind1=" " ind2=" ">
<subfield code="b">Faculdade de Medicina, Universidade de São Paulo</subfield>
</datafield>
<dataField tag="260" ind1=" " ind2=" ">
<subfield code="c">2004-08-09 00:00:00</subfield>
</dataField>   <datafield tag="856" ind1=" " ind2=" ">
<subfield code="q">application/pdf</subfield>
</datafield>
<datafield tag="856" ind1="4" ind2="0">
<subfield code="u">https://www.revistas.usp.br/actafisiatrica/article/view/102478</subfield>
</datafield>  <datafield tag="786" ind1="0" ind2=" ">
<subfield code="n">Acta Fisiátrica; v. 11 n. 2 (2004)</subfield>
</datafield>  <datafield tag="546" ind1=" " ind2=" ">
<subfield code="a">por</subfield>
</datafield>   <datafield tag="540" ind1=" " ind2=" ">
<subfield code="a">Copyright (c) 2004 Acta Fisiátrica</subfield>
</datafield>
</record>
</metadata>
</record>