
<record>
<header>
<identifier>oai:revistas.usp.br:article/102479</identifier>
<datestamp>2020-08-15T21:16:13Z</datestamp>
<setSpec>actafisiatrica:Art.+Orig.</setSpec>
<setSpec>driver</setSpec>
</header>
<metadata>
<record xmlns="http://www.loc.gov/MARC21/slim" xmlns:xsi="http://www.w3.org/2001/XMLSchema-instance" xsi:schemaLocation="http://www.loc.gov/MARC21/slim http://www.loc.gov/standards/marcxml/schema/MARC21slim.xsd">
<leader>     nmb a2200000Iu 4500</leader>
<controlfield tag="008">"040809 2004                        eng  "</controlfield>
<datafield tag="022" ind1="#" ind2="#">
<subfield code="$a">2317-0190</subfield>
</datafield>
<datafield tag="022" ind1="#" ind2="#">
<subfield code="$a">0104-7795</subfield>
</datafield>
<datafield tag="042" ind1=" " ind2=" ">
<subfield code="a">dc</subfield>
</datafield>
<datafield tag="245" ind1="0" ind2="0">
<subfield code="a">Perfil clínico e demográfico dos pacientes com dor músculo-esquelética crônica acompanhados nos três níveis de atendimento de saúde de Sorocaba</subfield>
</datafield>  <datafield tag="720" ind1="1" ind2=" ">
<subfield code="a">Martinez, José Eduardo</subfield>
<subfield code="u">Faculdade de Ciências Médicas de Sorocaba, Pontifícia Universidade Católica de São Paulo</subfield></datafield>
<datafield tag="720" ind1="1" ind2=" ">
<subfield code="a">Macedo, Ana Carolina</subfield>
<subfield code="u">Faculdade de Ciências Médicas de Sorocaba, Pontifícia Universidade Católica de São Paulo</subfield></datafield>
<datafield tag="720" ind1="1" ind2=" ">
<subfield code="a">Pinheiro, Daniel Faria de Campos</subfield>
<subfield code="u">Faculdade de Ciências Médicas de Sorocaba, Pontifícia Universidade Católica de São Paulo</subfield></datafield>
<datafield tag="720" ind1="1" ind2=" ">
<subfield code="a">Novato, Fernando Correa</subfield>
<subfield code="u">Faculdade de Ciências Médicas de Sorocaba, Pontifícia Universidade Católica de São Paulo</subfield></datafield>
<datafield tag="720" ind1="1" ind2=" ">
<subfield code="a">Jorge, Caio Marcelo</subfield>
<subfield code="u">Faculdade de Ciências Médicas de Sorocaba, Pontifícia Universidade Católica de São Paulo</subfield></datafield>
<datafield tag="720" ind1="1" ind2=" ">
<subfield code="a">Teixeira, Danielle Trevisani</subfield>
<subfield code="u">Faculdade de Ciências Médicas de Sorocaba, Pontifícia Universidade Católica de São Paulo</subfield></datafield>
<datafield tag="520" ind1=" " ind2=" ">
<subfield code="a"> O objetivo desse estudo é determinar o perfil demográfico e clínico dos pacientes dor crônica.  Avaliou-se 150 pessoas no Centro de Saúde Escola (CSE) (50), na Policlínica Municipal de Sorocaba (50) e no Conjunto Hospitalar de Sorocaba (CHS) (50). Observou-se forte predominância do sexo feminino nas três unidades avaliadas (CSE - 74%; POLICLÍNICA - 66%; CHS - 80%). Em relação a idade houve um predomínio da faixa acima dos 60 anos no CSE (50%) e da faixa entre 41 e 60 anos na Policlínica (52%) e CHS (50%). Quanto à distribuição articular, houve um predomínio da dor oligoarticular no CSE (60%) e de distribuição poliarticular no CHS (60%). Na Policlínica a maioria das queixas se concentrou na coluna vertebral (52%), No CSE (40%) um maior número de pacientes referiu desconhecer um diagnóstico estabelecido em relação aos pacientes da Policlínica (20%) e do CHS (16%).Observa-se, maior continuidade no tratamento no CHS em relação ao CSE e Policlínica. No CSE 28% dos pacientes referiam manter tratamento contínuo em comparação com 74% na POLICLÍNICA e 92% no CHS. Nas agudizações, os pacientes do CSE tomam remédio por conta própria em sua maioria, enquanto que grande parte dos pacientes da Policlínica e do CHS tomam remédio conforme orientação médica. Concluí - se que as unidades secundárias e terciárias de atendimento público a saúde estão aptas a atender casos de maior complexidade e, portanto, em número insuficiente para atender a demanda. </subfield>
</datafield>
<datafield tag="260" ind1=" " ind2=" ">
<subfield code="b">Faculdade de Medicina, Universidade de São Paulo</subfield>
</datafield>
<dataField tag="260" ind1=" " ind2=" ">
<subfield code="c">2004-08-09 00:00:00</subfield>
</dataField>   <datafield tag="856" ind1=" " ind2=" ">
<subfield code="q">application/pdf</subfield>
</datafield>
<datafield tag="856" ind1="4" ind2="0">
<subfield code="u">https://www.revistas.usp.br/actafisiatrica/article/view/102479</subfield>
</datafield>  <datafield tag="786" ind1="0" ind2=" ">
<subfield code="n">Acta Fisiátrica; v. 11 n. 2 (2004)</subfield>
</datafield>  <datafield tag="546" ind1=" " ind2=" ">
<subfield code="a">por</subfield>
</datafield>   <datafield tag="540" ind1=" " ind2=" ">
<subfield code="a">Copyright (c) 2004 Acta Fisiátrica</subfield>
</datafield>
</record>
</metadata>
</record>