
<record>
<header>
<identifier>oai:revistas.usp.br:article/102481</identifier>
<datestamp>2020-08-15T21:16:18Z</datestamp>
<setSpec>actafisiatrica:Art.+Orig.</setSpec>
<setSpec>driver</setSpec>
</header>
<metadata>
<record xmlns="http://www.loc.gov/MARC21/slim" xmlns:xsi="http://www.w3.org/2001/XMLSchema-instance" xsi:schemaLocation="http://www.loc.gov/MARC21/slim http://www.loc.gov/standards/marcxml/schema/MARC21slim.xsd">
<leader>     nmb a2200000Iu 4500</leader>
<controlfield tag="008">"040809 2004                        eng  "</controlfield>
<datafield tag="022" ind1="#" ind2="#">
<subfield code="$a">2317-0190</subfield>
</datafield>
<datafield tag="022" ind1="#" ind2="#">
<subfield code="$a">0104-7795</subfield>
</datafield>
<datafield tag="042" ind1=" " ind2=" ">
<subfield code="a">dc</subfield>
</datafield>
<datafield tag="245" ind1="0" ind2="0">
<subfield code="a">Validação da Versão Brasileira da Medida de Independência Funcional</subfield>
</datafield>  <datafield tag="720" ind1="1" ind2=" ">
<subfield code="a">Riberto, Marcelo</subfield>
<subfield code="u">Divisão de Medicina de Reabilitação HC/FMUSP</subfield><subfield code="0">https://orcid.org/0000-0001-9549-8830</subfield></datafield>
<datafield tag="720" ind1="1" ind2=" ">
<subfield code="a">Miyazaki, Margarida Harumi</subfield>
<subfield code="u">Divisão de Medicina de Reabilitação HC/FMUSP</subfield></datafield>
<datafield tag="720" ind1="1" ind2=" ">
<subfield code="a">Jucá, Sueli Satie Hamada</subfield>
<subfield code="u">Centro de Reabilitação Umarizal da DMR-HC/FMUSP</subfield></datafield>
<datafield tag="720" ind1="1" ind2=" ">
<subfield code="a">Sakamoto, Hatsue</subfield>
<subfield code="u">Divisão de Medicina de Reabilitação HC/FMUSP</subfield></datafield>
<datafield tag="720" ind1="1" ind2=" ">
<subfield code="a">Pinto, Paulo Potiguara Novazzi</subfield>
<subfield code="u">Centro de Reabilitação Umarizal da DMR-HC/FMUSP</subfield></datafield>
<datafield tag="720" ind1="1" ind2=" ">
<subfield code="a">Battistella, Linamara Rizzo</subfield>
<subfield code="u">Divisão de Medicina de Reabilitação HC/FMUSP</subfield><subfield code="0">https://orcid.org/0000-0001-5275-0733</subfield></datafield>
<datafield tag="520" ind1=" " ind2=" ">
<subfield code="a"> A versão brasileira de Medida de Independência Funcional (MIF) foi desenvolvida em 2000. Estudos de sua validade ainda são necessários como forma de corroborar seu uso na avaliação da reabilitação de brasileiros incapacitados, uma vez que peculiaridades socioculturais nacionais podem determinar um comportamento diverso dos dados fornecidos pelo instrumento. Objetivos: O objetivo deste estudo é testar a validade de construto da MIF ao checar a validade convergente em grupos de pacientes com deficiências nas quais se esperam estar presentes graus específicos de incapacidade. Método: Prontuários médicos de 150 pacientes com lesão medular (LM) e 103 pacientes com lesões encefálicas (LE) de dois centros de reabilitação da cidade de São Paulo forneceram dados a respeito de características biodemográficas, clínicas e funcionais. O grau de incapacidade foi avaliado pela MIF. Os pacientes com LM foram classificados de acordo com o nível de acometimento medular, como cervicais, torácicos ou lombares e abaixo. Pacientes com LE foram classificados conforme o dimídio mais comprometido como direito, esquerdo ou bilaterais. A sensibilidade da MIF foi testada em 93 pacientes com LE e 59 com LM por meio da comparação dos valores da MIF total, cognitiva e motora de admissão e alta. Resultados: entre os pacientes com LM pudemos demonstrar uma clara associação entre o nível de incapacidade e a MIF motora (cervical = 34.4 ± 25.2, torácica = 51.6 ± 19.5, lombar = 67.5 ± 18.6; p &lt; 0.001). A MIF cognitiva apresentou um efeito teto entre os pacientes com lesão medular (85% dos pacientes tinham MIFc no valor mais alto possível), por outro lado, entre os pacientes com LE, isso não pode ser observado e houve uma associação entre o valor obtido na MIFc e o lado envolvido, sendo os pacientes com envolvimento do hemicorpo esquerdo aqueles menos dependente em termos cognitivos. Houve mudança estatisticamente significante durante o tratamento, como pode ser observado pela variação da MIFm em  pacientes com LM e LE (44.5 ± 24.1x 61.0 ± 23.8; p &lt; 0.001 e 54.1 ± 23.0 x 64.7 ± 21.3; p &lt;0.001). O mesmo pode ser observado em pacientes com LE com comprometimento a esquerda e à direita, mas não quando o comprometimento era bilateral. Conclusão: a validade convergente da versão brasileira da MIF pode ser observada para as tarefas motoras tanto em pacientes com LM como LE. A MIFc mostrou-se de pouca utilidade entre os pacientes com LM crônico sob reabilitação ambulatorial, apesar de a associação com melhores performances em pacientes com LE e comprometimento à esquerda também colaborar para a sua validade. A versão brasileira da MIF mostrou-se sensível a alterações e clinicamente útil para a avaliação de resultados de reabilitação em pacientes ambulatoriais subagudos e crônicos no Brasil. </subfield>
</datafield>
<datafield tag="260" ind1=" " ind2=" ">
<subfield code="b">Faculdade de Medicina, Universidade de São Paulo</subfield>
</datafield>
<dataField tag="260" ind1=" " ind2=" ">
<subfield code="c">2004-08-09 00:00:00</subfield>
</dataField>   <datafield tag="856" ind1=" " ind2=" ">
<subfield code="q">application/pdf</subfield>
</datafield>
<datafield tag="856" ind1="4" ind2="0">
<subfield code="u">https://www.revistas.usp.br/actafisiatrica/article/view/102481</subfield>
</datafield>  <datafield tag="786" ind1="0" ind2=" ">
<subfield code="n">Acta Fisiátrica; v. 11 n. 2 (2004)</subfield>
</datafield>  <datafield tag="546" ind1=" " ind2=" ">
<subfield code="a">por</subfield>
</datafield>   <datafield tag="540" ind1=" " ind2=" ">
<subfield code="a">Copyright (c) 2004 Acta Fisiátrica</subfield>
</datafield>
</record>
</metadata>
</record>