
<record>
<header>
<identifier>oai:revistas.usp.br:article/102482</identifier>
<datestamp>2020-08-15T21:16:21Z</datestamp>
<setSpec>actafisiatrica:Art.+Rev.</setSpec>
<setSpec>driver</setSpec>
</header>
<metadata>
<record xmlns="http://www.loc.gov/MARC21/slim" xmlns:xsi="http://www.w3.org/2001/XMLSchema-instance" xsi:schemaLocation="http://www.loc.gov/MARC21/slim http://www.loc.gov/standards/marcxml/schema/MARC21slim.xsd">
<leader>     nmb a2200000Iu 4500</leader>
<controlfield tag="008">"040809 2004                        eng  "</controlfield>
<datafield tag="022" ind1="#" ind2="#">
<subfield code="$a">2317-0190</subfield>
</datafield>
<datafield tag="022" ind1="#" ind2="#">
<subfield code="$a">0104-7795</subfield>
</datafield>
<datafield tag="042" ind1=" " ind2=" ">
<subfield code="a">dc</subfield>
</datafield>
<datafield tag="245" ind1="0" ind2="0">
<subfield code="a">Fisiopatologia da fibromialgia</subfield>
</datafield>  <datafield tag="720" ind1="1" ind2=" ">
<subfield code="a">Riberto, Marcelo</subfield>
<subfield code="u">Universidade de São Paulo. Faculdade de Medicina</subfield><subfield code="0">https://orcid.org/0000-0001-9549-8830</subfield></datafield>
<datafield tag="720" ind1="1" ind2=" ">
<subfield code="a">Pato, Thais Rodrigues</subfield>
<subfield code="u">Universidade de São Paulo. Faculdade de Medicina</subfield></datafield>
<datafield tag="520" ind1=" " ind2=" ">
<subfield code="a"> A fibromialgia é caracterizada por dor crônica, generalizada e pela presença de pontos dolorosos à palpação de regiões específicas do corpo. Estudos concordam quanto à concentração de pacientes na quinta década de vida, associação com o sexo feminino e fatores socioeconômicos como baixos níveis educacionais, baixa renda e estar divorciado. As hipóteses de alterações anatomopatológicas para a fisiopatologia desta síndrome foram descartadas e os achados nesses sentido foram creditados ao sedentarismo. Os mecanismos mais aceitos para o entendimento fisiopatológico da fibromialgia no momento envolvem o desequilíbrio entre a percepção dolorosa e os mecanismos de modulação dessas vias aferentes. Níveis elevados de substância P em líquor e níveis reduzidos de serotonina e seus precursores em líquor, soro e plaquetas são sugestivos desses desequilíbrios, uma vez que a substância P é mediadora das vias aferentes enquanto a serotonina medeia a inibição da dor. Outra explicação para a alteração da atividade da serotonina seria o polimorfismo dos receptores de serotonina, o que pode explicar também o agrupamento familiar desses pacientes. Alterações cerebrais em porções rostrais ao tálamo poderiam ser responsáveis pela percepção elevada de estímulos ambientais, com a conseqüente perversão de informações proprioceptivas, térmicas e táteis ou pressórica em sensações dolorosas. Finalmente, os mecanismos reducionistas de explicação fisiopatológica da fibromialgia não têm encontrado respaldo na literatura e explicações multicausais são as mais aceitas, incluindo os mecanismos psicossociais, que não foram abordados neste artigo. </subfield>
</datafield>
<datafield tag="260" ind1=" " ind2=" ">
<subfield code="b">Faculdade de Medicina, Universidade de São Paulo</subfield>
</datafield>
<dataField tag="260" ind1=" " ind2=" ">
<subfield code="c">2004-08-09 00:00:00</subfield>
</dataField>   <datafield tag="856" ind1=" " ind2=" ">
<subfield code="q">application/pdf</subfield>
</datafield>
<datafield tag="856" ind1="4" ind2="0">
<subfield code="u">https://www.revistas.usp.br/actafisiatrica/article/view/102482</subfield>
</datafield>  <datafield tag="786" ind1="0" ind2=" ">
<subfield code="n">Acta Fisiátrica; v. 11 n. 2 (2004)</subfield>
</datafield>  <datafield tag="546" ind1=" " ind2=" ">
<subfield code="a">por</subfield>
</datafield>   <datafield tag="540" ind1=" " ind2=" ">
<subfield code="a">Copyright (c) 2004 Acta Fisiátrica</subfield>
</datafield>
</record>
</metadata>
</record>