
<record>
<header>
<identifier>oai:revistas.usp.br:article/102486</identifier>
<datestamp>2020-01-14T22:50:56Z</datestamp>
<setSpec>actafisiatrica:Art.+Orig.</setSpec>
<setSpec>driver</setSpec>
</header>
<metadata>
<record xmlns="http://www.loc.gov/MARC21/slim" xmlns:xsi="http://www.w3.org/2001/XMLSchema-instance" xsi:schemaLocation="http://www.loc.gov/MARC21/slim http://www.loc.gov/standards/marcxml/schema/MARC21slim.xsd">
<leader>     nmb a2200000Iu 4500</leader>
<controlfield tag="008">"041209 2004                        eng  "</controlfield>
<datafield tag="022" ind1="#" ind2="#">
<subfield code="$a">2317-0190</subfield>
</datafield>
<datafield tag="022" ind1="#" ind2="#">
<subfield code="$a">0104-7795</subfield>
</datafield>
<datafield tag="042" ind1=" " ind2=" ">
<subfield code="a">dc</subfield>
</datafield>
<datafield tag="245" ind1="0" ind2="0">
<subfield code="a">Comparação de picos de pressão em assento flexível em portadores de lesão medular e indivíduos normais: uma avaliação por interface de pressão</subfield>
</datafield>  <datafield tag="720" ind1="1" ind2=" ">
<subfield code="a">Kochhann, Ana Raquel da Silva</subfield>
</datafield>
<datafield tag="720" ind1="1" ind2=" ">
<subfield code="a">Canali, Nívea</subfield>
</datafield>
<datafield tag="720" ind1="1" ind2=" ">
<subfield code="a">Serafim, Marcos Antônio Pineda</subfield>
</datafield>
<datafield tag="520" ind1=" " ind2=" ">
<subfield code="a"> As úlceras por pressão (UP) são complicações freqüentes em pacientes com lesão medular (LM). Estratégias de prevenção objetivam reduzir a magnitude ou duração da pressão, fricção e cisalhamento entre a pele e superfície de suporte. Para medir a eficácia destas superfícies utilizam-se medidas de interface de pressão. O objetivo deste estudo é determinar os índices de interface de pressão em assento flexível em pacientes lesados medulares. Um estudo transversal com 103 indivíduos com LM e 101 pessoas sadias foi realizado com o mapeamento dos picos de pressão por meio de um sistema de interface sensível em cadeira de rodas padrão, com almofada flexível. Dados antropométricos foram obtidos pelo exame físico para o cálculo do índice de massa corpórea (IMC). Os resultados confirmam os elevados índices de interface de pressão na amostra de pacientes com LM. Com o aumento do IMC em indivíduos não lesados medulares há uma diminuição dos picos de pressão, ou seja, melhor distribuição da força. Na amostra de pacientes com LM, observou-se que apesar do aumento do IMC, a maioria dos indivíduos mantém elevados índices de pressão na posição sentada. Não é possível contestar os estudos que relacionam picos de pressão, lesão medular e peso, pois na amostra estudada, indivíduos obesos ou com sobrepeso apresentam pequena representação. </subfield>
</datafield>
<datafield tag="260" ind1=" " ind2=" ">
<subfield code="b">Faculdade de Medicina, Universidade de São Paulo</subfield>
</datafield>
<dataField tag="260" ind1=" " ind2=" ">
<subfield code="c">2004-12-09 00:00:00</subfield>
</dataField>   <datafield tag="856" ind1=" " ind2=" ">
<subfield code="q">application/pdf</subfield>
</datafield>
<datafield tag="856" ind1="4" ind2="0">
<subfield code="u">https://www.revistas.usp.br/actafisiatrica/article/view/102486</subfield>
</datafield>  <datafield tag="786" ind1="0" ind2=" ">
<subfield code="n">Acta Fisiátrica; v. 11 n. 3 (2004)</subfield>
</datafield>  <datafield tag="546" ind1=" " ind2=" ">
<subfield code="a">por</subfield>
</datafield>   <datafield tag="540" ind1=" " ind2=" ">
<subfield code="a">Copyright (c) 2004 Acta Fisiátrica</subfield>
</datafield>
</record>
</metadata>
</record>