
<record>
<header>
<identifier>oai:revistas.usp.br:article/102489</identifier>
<datestamp>2020-01-14T22:50:56Z</datestamp>
<setSpec>actafisiatrica:Art.+Orig.</setSpec>
<setSpec>driver</setSpec>
</header>
<metadata>
<record xmlns="http://www.loc.gov/MARC21/slim" xmlns:xsi="http://www.w3.org/2001/XMLSchema-instance" xsi:schemaLocation="http://www.loc.gov/MARC21/slim http://www.loc.gov/standards/marcxml/schema/MARC21slim.xsd">
<leader>     nmb a2200000Iu 4500</leader>
<controlfield tag="008">"041209 2004                        eng  "</controlfield>
<datafield tag="022" ind1="#" ind2="#">
<subfield code="$a">2317-0190</subfield>
</datafield>
<datafield tag="022" ind1="#" ind2="#">
<subfield code="$a">0104-7795</subfield>
</datafield>
<datafield tag="042" ind1=" " ind2=" ">
<subfield code="a">dc</subfield>
</datafield>
<datafield tag="245" ind1="0" ind2="0">
<subfield code="a">Estudo sobre a qualidade de vida de pacientes hemiplégicos por acidente vascular cerebral e de seus cuidadores</subfield>
</datafield>  <datafield tag="720" ind1="1" ind2=" ">
<subfield code="a">Makiyama, Tomas Yoshio</subfield>
<subfield code="u">Universidade de São Paulo. Faculdade de Medicina</subfield></datafield>
<datafield tag="720" ind1="1" ind2=" ">
<subfield code="a">Battistella, Linamara Rizzo</subfield>
<subfield code="u">Universidade de São Paulo. Faculdade de Medicina</subfield><subfield code="0">https://orcid.org/0000-0001-5275-0733</subfield></datafield>
<datafield tag="720" ind1="1" ind2=" ">
<subfield code="a">Litvoc, Júlio</subfield>
<subfield code="u">Universidade de São Paulo. Faculdade de Medicina</subfield></datafield>
<datafield tag="720" ind1="1" ind2=" ">
<subfield code="a">Martins, Lourdes C.</subfield>
<subfield code="u">Universidade de São Paulo. Faculdade de Medicina</subfield></datafield>
<datafield tag="520" ind1=" " ind2=" ">
<subfield code="a"> A hemiplegia é a paralisia de um hemicorpo, em geral resultante de acidente vascular cerebral (AVC). Apesar do crescente interesse no estudo da qualidade de vida nas diversas condições de saúde, pouca atenção tem sido direcionada a sua avaliação sistemática nestes pacientes. O Objetivo deste estudo foi verificar o impacto do acidente vascular cerebral sobre a qualidade de vida de pacientes e seus cuidadores. A aplicação do questionário SF-36 permitiu completar um estudo transversal incluindo 66 indivíduos com hemiplegia, 43 cuidadores e 91 controles emparelhados pela idade, tipo de moradia e pela região habitada. Entre os cuidadores verificou-se idade menor em relação à dos pacientes e maior freqüência de indivíduos do sexo feminino. Os diversos domínios de qualidade de vida avaliados pelo SF-36 não apresentaram diferenças estatisticamente significantes entre os grupos de pacientes e cuidadores. Porém, o grupo controle apresentou resultados estatisticamente significantes e melhores, quando comparados aos grupos de pacientes e cuidadores, exceto em relação ao domínio Dor. Este estudo permitiu evidenciar o decréscimo da qualidade de vida de pessoas com seqüelas de AVC e seus cuidadores, quando comparados com outras pessoas de idade semelhante que moram nas mesmas condições. </subfield>
</datafield>
<datafield tag="260" ind1=" " ind2=" ">
<subfield code="b">Faculdade de Medicina, Universidade de São Paulo</subfield>
</datafield>
<dataField tag="260" ind1=" " ind2=" ">
<subfield code="c">2004-12-09 00:00:00</subfield>
</dataField>   <datafield tag="856" ind1=" " ind2=" ">
<subfield code="q">application/pdf</subfield>
</datafield>
<datafield tag="856" ind1="4" ind2="0">
<subfield code="u">https://www.revistas.usp.br/actafisiatrica/article/view/102489</subfield>
</datafield>  <datafield tag="786" ind1="0" ind2=" ">
<subfield code="n">Acta Fisiátrica; v. 11 n. 3 (2004)</subfield>
</datafield>  <datafield tag="546" ind1=" " ind2=" ">
<subfield code="a">por</subfield>
</datafield>   <datafield tag="540" ind1=" " ind2=" ">
<subfield code="a">Copyright (c) 2004 Acta Fisiátrica</subfield>
</datafield>
</record>
</metadata>
</record>