
<record>
<header>
<identifier>oai:revistas.usp.br:article/102491</identifier>
<datestamp>2020-01-14T22:50:56Z</datestamp>
<setSpec>actafisiatrica:Art.+Orig.</setSpec>
<setSpec>driver</setSpec>
</header>
<metadata>
<record xmlns="http://www.loc.gov/MARC21/slim" xmlns:xsi="http://www.w3.org/2001/XMLSchema-instance" xsi:schemaLocation="http://www.loc.gov/MARC21/slim http://www.loc.gov/standards/marcxml/schema/MARC21slim.xsd">
<leader>     nmb a2200000Iu 4500</leader>
<controlfield tag="008">"041209 2004                        eng  "</controlfield>
<datafield tag="022" ind1="#" ind2="#">
<subfield code="$a">2317-0190</subfield>
</datafield>
<datafield tag="022" ind1="#" ind2="#">
<subfield code="$a">0104-7795</subfield>
</datafield>
<datafield tag="042" ind1=" " ind2=" ">
<subfield code="a">dc</subfield>
</datafield>
<datafield tag="245" ind1="0" ind2="0">
<subfield code="a">Comparação de dois tipos de mouse por meio de eletroneuromiografia de superfície</subfield>
</datafield>  <datafield tag="720" ind1="1" ind2=" ">
<subfield code="a">Riberto, Marcelo</subfield>
<subfield code="u">Universidade de São Paulo. Faculdade de Medicina</subfield><subfield code="0">https://orcid.org/0000-0001-9549-8830</subfield></datafield>
<datafield tag="720" ind1="1" ind2=" ">
<subfield code="a">Lourenção, Maria Inês Paes</subfield>
<subfield code="u">Universidade de São Paulo. Faculdade de Medicina</subfield></datafield>
<datafield tag="720" ind1="1" ind2=" ">
<subfield code="a">Lopes, José Augusto Fernandes</subfield>
<subfield code="u">Universidade de São Paulo. Faculdade de Medicina</subfield></datafield>
<datafield tag="520" ind1=" " ind2=" ">
<subfield code="a"> O mouse é um periférico muito usado em informática, todavia seu uso por tempo prolongado pode levar a sobrecarga da musculatura do antebraço resultados em quadros dolorosos. Este estudo teve como objetivo verificar se um novo mouse, com desenho que respeita leis biomecânicas da mão e punho, estaria associado a menor sobrecarga muscular que um modelo convencional. Vinte usuários habituais de computador sadios participaram de um estudo do tipo cross-over, no qual a atividade muscular dos músculos trapézio, extensor do carpo e flexor do polegar foi captada por meio de eletroneuromiografia de superfície durante a realização de atividades simples como jogar paciência por 10 minutos e deslocar-se numa planilha.Também foram aplicados questionários sobre aparecimento de sintomas em membros superiores após o uso de cada mouse. Por meio da integração do sinal elétrico nos períodos de tempo da captação, o esforço muscular pode ser quantificado para processamento estatístico. Apenas em extensores do carpo foi observada redução estatisticamente significante da solicitação muscular, mesmo assim, apenas ao jogar Paciência. O posicionamento do punho proporcionado pelo mouse em teste facilitou a manutenção dessa articulação em posição de preparo para o acionamento dos botões do mouse reduzindo a atividade muscular. Seu uso rotineiro pode ser uma estratégia para a prevenção de dores em membros superiores de usuários de computadores e para o controle sintomático naqueles que já apresentam alguma lesão local. </subfield>
</datafield>
<datafield tag="260" ind1=" " ind2=" ">
<subfield code="b">Faculdade de Medicina, Universidade de São Paulo</subfield>
</datafield>
<dataField tag="260" ind1=" " ind2=" ">
<subfield code="c">2004-12-09 00:00:00</subfield>
</dataField>   <datafield tag="856" ind1=" " ind2=" ">
<subfield code="q">application/pdf</subfield>
</datafield>
<datafield tag="856" ind1="4" ind2="0">
<subfield code="u">https://www.revistas.usp.br/actafisiatrica/article/view/102491</subfield>
</datafield>  <datafield tag="786" ind1="0" ind2=" ">
<subfield code="n">Acta Fisiátrica; v. 11 n. 3 (2004)</subfield>
</datafield>  <datafield tag="546" ind1=" " ind2=" ">
<subfield code="a">por</subfield>
</datafield>   <datafield tag="540" ind1=" " ind2=" ">
<subfield code="a">Copyright (c) 2004 Acta Fisiátrica</subfield>
</datafield>
</record>
</metadata>
</record>