
<record>
<header>
<identifier>oai:revistas.usp.br:article/102492</identifier>
<datestamp>2020-01-14T22:50:56Z</datestamp>
<setSpec>actafisiatrica:Art.+Orig.</setSpec>
<setSpec>driver</setSpec>
</header>
<metadata>
<record xmlns="http://www.loc.gov/MARC21/slim" xmlns:xsi="http://www.w3.org/2001/XMLSchema-instance" xsi:schemaLocation="http://www.loc.gov/MARC21/slim http://www.loc.gov/standards/marcxml/schema/MARC21slim.xsd">
<leader>     nmb a2200000Iu 4500</leader>
<controlfield tag="008">"041209 2004                        eng  "</controlfield>
<datafield tag="022" ind1="#" ind2="#">
<subfield code="$a">2317-0190</subfield>
</datafield>
<datafield tag="022" ind1="#" ind2="#">
<subfield code="$a">0104-7795</subfield>
</datafield>
<datafield tag="042" ind1=" " ind2=" ">
<subfield code="a">dc</subfield>
</datafield>
<datafield tag="245" ind1="0" ind2="0">
<subfield code="a">Análise do ritmo lombar e pélvico durante a flexoextensão da coluna vertebral em duas condições de simulação de levantamento de carga em policiais militares saudáveis</subfield>
</datafield>  <datafield tag="720" ind1="1" ind2=" ">
<subfield code="a">Silva, Claudia de Oliveira e</subfield>
<subfield code="u">Hospital da Polícia Militar do Estado de São Paulo</subfield></datafield>
<datafield tag="720" ind1="1" ind2=" ">
<subfield code="a">Battistella, Linamara Rizzo</subfield>
<subfield code="u">Universidade de São Paulo. Faculdade de Medicina</subfield><subfield code="0">https://orcid.org/0000-0001-5275-0733</subfield></datafield>
<datafield tag="720" ind1="1" ind2=" ">
<subfield code="a">Kavamoto, Christiane Akie</subfield>
<subfield code="u">Universidade de São Paulo. Faculdade de Medicina</subfield></datafield>
<datafield tag="720" ind1="1" ind2=" ">
<subfield code="a">Lopes, José Augusto Fernandes</subfield>
<subfield code="u">Universidade de São Paulo. Faculdade de Medicina</subfield></datafield>
<datafield tag="720" ind1="1" ind2=" ">
<subfield code="a">Vasconcelos, Jeane Cintra Peixoto de</subfield>
<subfield code="u">Universidade de São Paulo. Faculdade de Medicina</subfield></datafield>
<datafield tag="520" ind1=" " ind2=" ">
<subfield code="a"> O objetivo deste estudo foi correlacionar a atividade muscular e cinemática do movimento lombar e pélvico durante a flexo-extensão da coluna lombar em duas condições diferentes: com joelhos estendidos e flexionados (durante o agachamento). Casuística e métodos: trinta e seis policiais militares jovens do sexo masculino do Regimento de Cavalaria da Policia Militar de São Paulo foram recrutados, porém apenas dezenove voluntários (22,9 ± 2,3 anos) preenchiam os critérios de inclusão de ausência de história de dor lombar e ou deformidades na coluna vertebral. Foram realizadas análises tridimensionais com marcadores retro-refletivos nas apófises espinhosas de L1, L3 e S1, espinhas ilíacas ântero-superiores, trocânteres maiores, fulcros laterais dos joelhos e maléolos laterais, de ambos os movimentos acima combinados, além da eletromiografia dinâmica de superfície dos músculos extensores lombares, isquiotibiais, retos abdominais e retos anteriores da coxa. Resultados: durante os movimentos com os joelhos estendidos, a atividade dos músculos extensores lombares foi sincronizada com os isquiotibiais e alternou com os retos abdominais. Ocorreu contração dos músculos reto abdominal em 15 indivíduos durante o final da flexão do tronco, enquanto que em quatro não houve atividade destes músculos. A atividade dos extensores lombares decresceu até cessar antes do término da flexão total. O agachamento revelou a substituição do padrão de ativação de dupla onda pela atividade contínua dos músculos extensores lombares. Discussão: variações intra e interindivíduos foram observadas e podem influenciar nos exames. Nossos resultados refletiram as diferenças no padrão de ativação muscular no ritmo lombar pélvico nas 2 diferentes condições estudadas. Conclusão: o ritmo lombar-pélvico esteve presente nos dois movimentos estudados com participação ativa dos músculos isquiotibiais e paraespinhais </subfield>
</datafield>
<datafield tag="260" ind1=" " ind2=" ">
<subfield code="b">Faculdade de Medicina, Universidade de São Paulo</subfield>
</datafield>
<dataField tag="260" ind1=" " ind2=" ">
<subfield code="c">2004-12-09 00:00:00</subfield>
</dataField>   <datafield tag="856" ind1=" " ind2=" ">
<subfield code="q">application/pdf</subfield>
</datafield>
<datafield tag="856" ind1="4" ind2="0">
<subfield code="u">https://www.revistas.usp.br/actafisiatrica/article/view/102492</subfield>
</datafield>  <datafield tag="786" ind1="0" ind2=" ">
<subfield code="n">Acta Fisiátrica; v. 11 n. 3 (2004)</subfield>
</datafield>  <datafield tag="546" ind1=" " ind2=" ">
<subfield code="a">por</subfield>
</datafield>   <datafield tag="540" ind1=" " ind2=" ">
<subfield code="a">Copyright (c) 2004 Acta Fisiátrica</subfield>
</datafield>
</record>
</metadata>
</record>
<resumptionToken expirationDate="2023-08-08T14:49:58Z" completeListSize="935" cursor="150">adf55fb696aad10b89da0789e37dfa6c</resumptionToken>
</ListRecords>
</OAI-PMH> 